<?xml version="1.0" encoding="UTF-8"?><record xmlns="http://www.loc.gov/MARC21/slim" xmlns:cinclude="http://apache.org/cocoon/include/1.0" xmlns:zs="http://www.loc.gov/zing/srw/">
  <leader>00395cz  a2200133n  4500</leader>
  <controlfield tag="001">n  86059634 </controlfield>
  <controlfield tag="003">DLC</controlfield>
  <controlfield tag="005">20080419075828.0</controlfield>
  <controlfield tag="008">861006n| acannaabn          |n aaa      </controlfield>
  <datafield tag="010" ind1=" " ind2=" ">
    <subfield code="a">n  86059634 </subfield>
  </datafield>
  <datafield tag="035" ind1=" " ind2=" ">
    <subfield code="a">(OCoLC)oca01711963</subfield>
  </datafield>
  <datafield tag="040" ind1=" " ind2=" ">
    <subfield code="a">DLC</subfield>
    <subfield code="b">eng</subfield>
    <subfield code="c">DLC</subfield>
    <subfield code="d">OCoLC</subfield>
  </datafield>
  <datafield tag="100" ind1="1" ind2=" ">
    <subfield code="a">Gorka, Géza,</subfield>
    <subfield code="d">1894-1971</subfield>
  </datafield>
  <datafield tag="670" ind1=" " ind2=" ">
    <subfield code="a">Katona, I. Gorka Géza, 1972:</subfield>
    <subfield code="b">t.p. (Gorka Géza) p. 12 (b. 9-16-1894; d. 9-25-1971)</subfield>
  </datafield>
</record>